@misc{badges2014,
	title = {{mozilla OpenBadges} web site},
	howpublished = {http://openbadges.org/},
	note = {Accessed: 2014-01-30}
}

@article{dubois2005,
	author = {P. F. Dubois},
	title = {Maintaining Correctness in Scientific Programs},
	journal = {Computing in Science \& Engineering},
	volume = {7},
	number = {3},
	pages = {80-85},
	year = {2005},
	month = {May-June},
	doi = {10.1109/MCSE.2005.54}
}

@incollection{guzdial2010,
	author = {Mark Guzdial},
	title = {Why Is It So Hard to Learn to Program?},
	booktitle = {Making Software: What Really Works, and Why We Believe It},
	editor = {Andy Oram and Greg Wilson},
	pages = {111-124},
	year = {2010},
	publisher = {O'Reilly Media},
	isbn = {978-0-596-80832-7}
}

@inproceedings{guzdial2013,
	author = {Mark Guzdial},
	title = {Exploring Hypotheses About Media Computation},
	booktitle = {Proc.\ Ninth Annual International ACM Conference on International Computing Education Research},
	series = {ICER'13},
	year = {2013},
	isbn = {978-1-4503-2243-0},
	pages = {19--26},
	numpages = {8},
	doi = {10.1145/2493394.2493397},
	publisher = {ACM}
}

@inproceedings{hannay2009,
	author = {Jo Erskine Hannay and Hans Petter Langtangen and Carolyn MacLeod and Dietmar Pfahl and Janice Singer and Greg Wilson},
	title = {How Do Scientists Develop and Use Scientific Software?},
	booktitle = {Second International Workshop on Software Engineering for Computational Science and Engineering (SECSE09)},
	year = {2009},
	doi = {10.1109/SECSE.2009.5069155}
}

@book{hazzan2011,
	author = {Orit Hazzan and Tami Lapidot and Noa Ragonis},
	title = {Guide to Teaching Computer Science: An Activity-Based Approach},
	publisher = {Springer},
	year = {2011},
	isbn = {978-0857294425}
}

@inproceedings{hochstein2005,
	author = {L. Hochstein and J. Carver and F. Shull and S. Asgari and V. R. Basili and J. Hollingsworth and M. Zelkowitz},
	title = {Parallel Programmer Productivity: A Case Study of Novice {HPC} Programmers},
	booktitle = {Proceedings of Supercomputing 2005 (SC05)},
	year = {2005},
	doi = {10.1109/SC.2005.53}
}

@inproceedings{huff2011,
	title = {Rapid Peer Education of a Computational Nuclear Engineering Skill Suite},
	volume = {104},
	language = {English},
	booktitle = {Transactions of the American Nuclear Society},
	publisher = {American Nuclear Society},
	author = {Kathryn Huff and A.M. Scopatz and N.D. Preston and P.P.H. Wilson},
	month = {June},
	year = {2011},
	pages = {103-104}
}

@misc{guidelines,
	author = {{Institute of Education Sciences, U.S.\ Dept.\ of Education, and the National Science Foundation}},
	title = {Common Guidelines for Education Research and Development},
	month = {August},
	year = {2013},
	howpublished = {http://www.nsf.gov/\-pubs/\-2013/\-nsf13126/nsf13126.pdf},
	note = {Accessed: 2014-01-23}
}

@misc{nsfreu,
	title = {Search Results for {REU} Sites},
	author = {NSF},
	howpublished = {http://www.nsf.gov/crssprgm/reu/list\_result.jsp},
	note = {Accessed: 2014-01-23}
}

@article{porter2013,
	author = {Leo Porter and Mark Guzdial and Charlie McDowell and Beth Simon},
	title = {Success in Introductory Programming: What Works?},
	journal = {Communications of the {ACM}},
	volume = {56},
	number = {8},
	month = August,
	year = {2013},
	numpages = {3},
	doi = {10.1145/2492007.2492020}
}

@inproceedings{prabhu2011,
	author = {Prakash Prabhu and Thomas B. Jablin and Arun Raman and Yun Zhang and Jialu Huang and Hanjun Kim and Nick P. Johnson and Feng Liu and Soumyadeep Ghosh and Stephen Beard and Taewook Oh and Matthew Zoufaly and David Walker and David I. August},
	title = {A Survey of the Practice of Computational Science},
	booktitle = {Proceedings of the 24th ACM/IEEE Conference on High Performance Computing, Networking, Storage and Analysis},
	year = {2011},
	doi = {10.1145/2063348.2063374}
}

@article{ram2013,
	author = {Karthik Ram},
	title = {Git Can Facilitate Greater Reproducibility and Increased Transparency in Science},
	journal = {Source Code for Biology and Medicine},
	year = {2013},
	volume = {8},
	pages = {7},
	number = {1},
	doi = {10.1186/1751-0473-8-7},
	issn = {1751-0473}
}

@misc{scorm,
	title = {SCORM Overview},
	author = {Advanced Distributed Learning},
	howpublished = {http://www.adlnet.gov/scorm/},
	note = {Accessed: 2014-01-23}
}

@article{segal2005a,
	author = {Judith Segal},
	title = {When Software Engineers Met Research Scientists: A Case Study},
	journal = {Empirical Software Engineering},
	volume = {10},
	number = {4},
	pages = {517-536},
	year = {2005},
	doi = {10.1007/s10664-005-3865-y}
}

@phdthesis{sorva2012,
	author = {Juha Sorva},
	title = {Visual Program Simulation in Introductory Programming Education},
	school = {Aalto University},
	year = {2012},
	isbn = {978-952-60-4625-9}
}

@article{stodden2013,
	author = {Victoria Stodden and Peixuan Guo and Zhaokun Ma},
	title = {Toward Reproducible Computational Research: An Empirical Analysis of Data and Code Policy Adoption by Journals},
	journal = {PLoS ONE},
	year = {2013},
	volume = {8},
	pages = {e67111},
	number = {6},
	month = {06},
	doi = {10.1371/journal.pone.0067111}
}

@misc{swcsite,
	title = {{Software Carpentry} web site},
	howpublished = {http://software-carpentry.org},
	note = {Accessed: 2014-01-23}
}

@inproceedings{tew2011,
	author = {Allison Elliott Tew and Mark Guzdial},
	title = {The {FCS1}: A Language Independent Assessment of {CS1} Knowledge},
	booktitle = {Proc.\ 42nd ACM Technical Symposium on Computer Science Education},
	series = {SIGCSE'11},
	year = {2011},
	isbn = {978-1-4503-0500-6},
	pages = {111--116},
	doi = {10.1145/1953163.1953200},
	publisher = {ACM}
}

@misc{trainingsite,
	title = {{Software Carpentry Instructor Training} web site},
	howpublished = {http://teaching.software-carpentry.org},
	note = {Accessed: 2014-01-23}
}

@article{wilson2012,
	author = {Greg Wilson},
	title = {{Software Carpentry}: Lessons Learned},
	journal = {pre-print},
	year = {2013},
	note = {arXiv:cs.GL/1307.5448}
}

@article{wilson2013,
	author = {Greg Wilson and D.A. Aruliah and C. Titus Brown and Neil P. Chue Hong and Matt Davis and Richard T. Guy and Steven H.D. Haddock and Kathryn D. Huff and Ian M. Mitchell and Mark D. Plumbley and Ben Waugh and Ethan P. White and Paul Wilson},
	journal = {PLoS Biology},
	publisher = {Public Library of Science},
	title = {Best Practices for Scientific Computing},
	year = {2014},
	month = {January},
	volume = {12},
	url = {http://dx.doi.org/10.1371\%2Fjournal.pbio.1001745},
	pages = {e1001745},
	number = {1},
	doi = {10.1371/journal.pbio.1001745}
}

@misc{wssspe13,
	title = {First Workshop on Sustainable Software for Science: Practice and Experience (WSSSPE)},
	howpublished = {http://wssspe.researchcomputing.org.uk/wssspe1/},
	note = {Accessed: 2014-01-23}
}